<record><leader>00000cas a22000007a 4500</leader><controlfield tag="001">9863337</controlfield><controlfield tag="008">830830d18711951ksuwr ne      0    0eng d</controlfield><datafield ind1=" " ind2=" " tag="010"><subfield code="a">sn 83040680 </subfield></datafield><datafield ind1=" " ind2=" " tag="040"><subfield code="a">KSH</subfield><subfield code="b">eng</subfield><subfield code="c">KSH</subfield><subfield code="d">NPT</subfield><subfield code="d">NPU</subfield><subfield code="d">NPX</subfield><subfield code="d">NPT</subfield><subfield code="d">NVF</subfield><subfield code="d">MGN</subfield><subfield code="d">OCLCQ</subfield><subfield code="d">OCLCF</subfield><subfield code="d">OCLCO</subfield></datafield><datafield ind1="1" ind2=" " tag="029"><subfield code="a">AU@</subfield><subfield code="b">000020409623</subfield></datafield><datafield ind1=" " ind2=" " tag="042"><subfield code="a">msc</subfield></datafield><datafield ind1="0" ind2=" " tag="130"><subfield code="a">Chase County leader (Cottonwood Falls, Kan. : 1871)</subfield></datafield><datafield ind1="0" ind2="0" tag="245"><subfield code="a">Chase County leader.</subfield></datafield><datafield ind1=" " ind2=" " tag="260"><subfield code="a">Cottonwood Falls, Kan. :</subfield><subfield code="b">Wm. A. Morgan,</subfield><subfield code="c">1871-1951.</subfield></datafield><datafield ind1=" " ind2=" " tag="300"><subfield code="a">81 v. ;</subfield><subfield code="c">54-63 cm.</subfield></datafield><datafield ind1=" " ind2=" " tag="310"><subfield code="a">Weekly,</subfield><subfield code="b">1926-1951</subfield></datafield><datafield ind1=" " ind2=" " tag="321"><subfield code="a">Weekly,</subfield><subfield code="b">1874</subfield></datafield><datafield ind1=" " ind2=" " tag="321"><subfield code="a">Frequency varies: semiweekly, 1916?-1917?, 1922?-1926?; triweekly, 1918?-1921? Cf. Gregory, W. Amer. Newspapers.</subfield></datafield><datafield ind1="0" ind2=" " tag="362"><subfield code="a">Vol. 1, no. 1 (Mar. 4, 1871)-v. 81, no. 43 (Dec. 26, 1951).</subfield></datafield><datafield ind1=" " ind2=" " tag="530"><subfield code="a">Available on microfilm from Micro Photo Div., Bell &amp; Howell Co.</subfield></datafield><datafield ind1=" " ind2="0" tag="651"><subfield code="a">Cottonwood Falls (Kan.)</subfield><subfield code="v">Newspapers.</subfield></datafield><datafield ind1=" " ind2="7" tag="655"><subfield code="a">Newspapers.</subfield><subfield code="2">fast</subfield><subfield code="0">(OCoLC)fst01423814</subfield></datafield><datafield ind1=" " ind2="7" tag="651"><subfield code="a">Kansas</subfield><subfield code="z">Cottonwood Falls.</subfield><subfield code="2">fast</subfield><subfield code="0">(OCoLC)fst01885338</subfield></datafield><datafield ind1="1" ind2=" " tag="700"><subfield code="a">Morgan, William A.</subfield></datafield><datafield ind1=" " ind2=" " tag="752"><subfield code="a">United States</subfield><subfield code="b">Kansas</subfield><subfield code="c">Chase</subfield><subfield code="d">Cottonwood Falls.</subfield></datafield><datafield ind1="0" ind2="5" tag="780"><subfield code="t">Matfield mirror (Matfield Green, Kan. : 1907)</subfield><subfield code="g">Aug. 18, 1908</subfield><subfield code="w">(DLC)sn 83040682</subfield></datafield><datafield ind1="0" ind2="7" tag="785"><subfield code="t">Chase County news</subfield><subfield code="w">(DLC)sn 83040681</subfield></datafield><datafield ind1="0" ind2="7" tag="785"><subfield code="t">Chase County leader-news</subfield><subfield code="w">(DLC)sn 83040677</subfield></datafield></record>